<?xml version="1.0" encoding="UTF-8"?><collection xmlns="http://www.loc.gov/MARC21/slim"><record><leader>00477nam--2200169-u-4500</leader><controlfield tag="001">000055473</controlfield><controlfield tag="002">20161230</controlfield><controlfield tag="005">20161230201052</controlfield><controlfield tag="008">130212s1000------------r-----000-0-eng-d</controlfield><datafield ind1=" " ind2=" " tag="040"><subfield code="a">IFIN-HH</subfield></datafield><datafield ind1=" " ind2=" " tag="080"><subfield code="a">413.231=2=S:533.6</subfield></datafield><datafield ind1="1" ind2=" " tag="100"><subfield code="a">Kotik, M.G</subfield></datafield><datafield ind1="1" ind2="0" tag="245"><subfield code="a">English-russian aerohydrodynamic dictionary</subfield><subfield code="b">Anglo-russkii slovari po aerogidrodinamike</subfield><subfield code="c">M.g. kotik</subfield></datafield><datafield ind1=" " ind2=" " tag="260"><subfield code="a">Moskva</subfield><subfield code="c">1960</subfield></datafield><datafield ind1=" " ind2=" " tag="300"><subfield code="a">434P.+ILUSTRATII</subfield></datafield><datafield ind1=" " ind2=" " tag="852"><subfield code="a">D.211</subfield><subfield code="c">SLF</subfield></datafield><datafield ind1=" " ind2=" " tag="CAT"><subfield code="a">Sys</subfield><subfield code="c">20130212</subfield><subfield code="h">180252</subfield></datafield></record></collection>